@inproceedings{pease2010linear,
  title={The linear tape file system},
  author={Pease, David and Amir, Arnon and Real, Lucas Villa and Biskeborn, Brian and Richmond, Michael and Abe, Atsushi},
  booktitle={2010 IEEE 26th Symposium on Mass Storage Systems and Technologies (MSST)},
  pages={1--8},
  year={2010},
  organization={IEEE}
}

@misc{optical2003universal,
  title={Universal Disk Format Specification, Revision 2.50},
  author={Optical Storage Technology Association and others},
  year={2003},
  publisher={Apr}
}

# the main article
@article{shilane2012wan,
  title={WAN-optimized replication of backup datasets using stream-informed delta compression},
  author={Shilane, Phlip and Huang, Mark and Wallace, Grant and Hsu, Windsor},
  journal={ACM Transactions on Storage (ToS)},
  volume={8},
  number={4},
  pages={1--26},
  year={2012},
  publisher={ACM New York, NY, USA}
}

